<?xml version="1.0" encoding="UTF-8"?><record xmlns="http://www.loc.gov/MARC21/slim" xmlns:cinclude="http://apache.org/cocoon/include/1.0" xmlns:zs="http://www.loc.gov/zing/srw/">
  <leader>00484nz  a2200121n  4500</leader>
  <controlfield tag="001">n  85223629 </controlfield>
  <controlfield tag="003">DLC</controlfield>
  <controlfield tag="005">19860122103902.6</controlfield>
  <controlfield tag="008">851002n| acannaab|          |n aaa |||  </controlfield>
  <datafield tag="010" ind1=" " ind2=" ">
    <subfield code="a">n  85223629 </subfield>
  </datafield>
  <datafield tag="040" ind1=" " ind2=" ">
    <subfield code="a">DLC</subfield>
    <subfield code="c">DLC</subfield>
  </datafield>
  <datafield tag="100" ind1="1" ind2="0">
    <subfield code="a">Forrester, Kenneth J.</subfield>
  </datafield>
  <datafield tag="670" ind1=" " ind2=" ">
    <subfield code="a">His Social security disability practice, c1985:</subfield>
    <subfield code="b">t.p. (Kenneth J. Forrester, administrative law judge, Social Security Office of Hearing and Appeals) p. iii (member, Arkansas and American Bar Associations; J.D., Univ. of Ark.)</subfield>
  </datafield>
</record>